@misc{djangoproject_models_2016,
  title = {Models and Databases | {{Django}} Documentation | {{Django}}},
  timestamp = {2016-12-19T03:31:30Z},
  urldate = {2016-12-19},
  howpublished = {\url{https://docs.djangoproject.com/en/1.10/topics/db/}},
  author = {{djangoproject}},
  month = dec,
  year = {2016}
}

@misc{djangoproject_models_2016,
  title = {Are Stable Coins Stable?},
  timestamp = {2016-12-19T03:31:30Z},
  urldate = {2016-12-19},
  howpublished = {\url{https://docs.djangoproject.com/en/1.10/topics/db/}},
  author = {{djangoproject}},
  month = dec,
  year = {2016}
}

@misc{AreStabl89:online,
	author = {Usman W. Chohan},
	title = {Are Stable Coins Stable? by  :: SSRN},
	howpublished =
	{\url{https://papers.ssrn.com/sol3/papers.cfm?abstract_id=3326823}},
	month = {},
	year = {},
	note = {(Accessed on 09/13/2019)}
}
